1742 2626
644 493 832 526 ARTURI
856 492 997 526 MORS.

315 761 404 795 OLLI
418 761 578 794 incedenti
587 761 778 804 jamdudum
794 761 938 794 Arturus
953 760 1092 799 anhelat,

272 818 324 851 Ac
339 818 440 851 veluti
455 818 590 850 instrato
606 822 735 850 versant
750 829 846 859 quem
862 816 984 850 somnia
998 816 1092 854 lecto,

272 873 358 907 Cum
373 873 446 906 silet
461 873 527 906 alta
541 873 663 912 domus,
679 873 809 911 fessum,
826 872 962 916 suspiria
976 872 1105 910 ducens,

270 930 364 962 Voce
379 929 442 962 ciet
457 929 615 967 comitem,
631 929 806 971 tacitaeque
820 929 1045 961 immurmurat
1059 928 1138 960 auri.

271 990 292 1005 “
304 985 472 1024 Venimus,
488 985 546 1017 ahl
569 996 640 1018 sero
655 984 886 1017 nimium—me
901 984 1018 1018 vulnus
1034 984 1185 1018 acerbum

273 1042 414 1075 Conficit
423 1041 545 1074 ”—Ille
556 1041 644 1085 jugis
659 1041 770 1074 clivosi
785 1041 922 1074 tramitis
937 1041 1047 1080 instat,

274 1098 350 1141 Ipse
365 1108 423 1130 suo
437 1097 627 1130 humescens
641 1096 731 1135 flatu,
747 1097 914 1139 majorque
929 1097 1031 1130 videri

275 1153 439 1191 Humano,
454 1152 636 1196 pressitque
652 1163 795 1196 aspersos
810 1152 930 1195 frigore
945 1152 1051 1186 colles.

277 1209 493 1252 Subsequitur
507 1209 614 1252 pelagi
628 1209 788 1248 fremitus,
804 1220 869 1241 vox
884 1214 960 1242 ante
974 1213 1152 1242 morantem

275 1265 421 1304 Prolicit,
437 1269 471 1298 et
485 1264 575 1298 caecis
590 1264 736 1298 stimulat
750 1276 841 1297 mens
855 1264 997 1298 motibus
1011 1264 1107 1297 ultro.

276 1321 380 1353 Arma
394 1320 553 1364 pruinosis
568 1320 728 1363 crepitant
742 1308 864 1353 ferrata
878 1320 1023 1354 cavernis

276 1376 504 1415 Horrendum3
528 1376 644 1409 dextra
658 1376 801 1418 laevaque
816 1376 967 1420 immugit
981 1376 1073 1409 eunti

274 1432 368 1465 Dura
381 1432 472 1472 silex,
489 1431 615 1474 quoties
630 1431 714 1464 saxis
728 1431 859 1464 innixus
873 1431 1023 1470 adhaeret,

275 1488 483 1531 Lubricaque
497 1488 621 1521 incerto
636 1492 765 1530 superat
780 1487 909 1530 fastigia
923 1499 1046 1530 gressu,

276 1544 385 1577 Fortis
400 1543 521 1586 Eques,
537 1547 730 1586 resonatque
745 1542 875 1575 armatis
890 1542 1030 1575 calcibus
1044 1542 1117 1575 icta.

276 1600 326 1632 At
341 1599 447 1632 subito
462 1598 617 1641 aequoreis
632 1603 782 1641 stagnum
798 1609 865 1631 sese
880 1598 999 1631 obtulit
1014 1599 1119 1637 undis,

277 1655 486 1699 Cynthiaque
499 1654 633 1688 hiberno
648 1659 796 1687 metuens
810 1654 963 1687 decedere
979 1654 1066 1687 coelo.

321 1711 407 1744 Tum
421 1710 638 1754 ferrugineam
652 1709 751 1743 fluvio
767 1721 800 1742 se
815 1710 988 1743 immittere
1004 1710 1162 1753 cymbam,

276 1766 428 1800 Funere&
442 1766 590 1799 indutam
604 1770 705 1804 veste,
721 1770 754 1798 et
769 1765 974 1809 nigrantibus
989 1766 1120 1805 umbris,

279 1821 501 1865 Conspiciunt,
517 1821 679 1864 densaque
694 1821 822 1864 impleri
836 1826 978 1854 transtra
993 1823 1131 1862 caterva,

279 1878 343 1912 Cui
358 1877 441 1910 stola
454 1877 598 1915 demissa,
615 1882 648 1909 et
663 1877 759 1920 longa
773 1877 970 1910 circumdata
984 1878 1078 1921 palla,

280 1934 458 1971 Mirantur,
474 1943 533 1965 ceu
548 1932 614 1965 sint
628 1932 737 1965 formae
752 1944 810 1976 per
824 1933 946 1966 somnia
960 1933 1053 1973 visae3

280 1990 361 2023 Tres
370 1990 468 2033 juxta
481 1988 623 2031 insignes
637 1987 728 2027 luxu,
744 1989 929 2031 auratisque
945 1989 1078 2028 coronis,

280 2046 401 2079 Maesta
415 2044 635 2078 tremiscentes
649 2044 772 2077 feriunt
786 2045 1014 2087 conquestibus
1029 2056 1142 2083 auras3

281 2102 440 2136 Omnibus
454 2112 519 2133 una
534 2099 629 2132 simul
644 2111 709 2133 vox
723 2105 781 2138 est,
797 2100 887 2133 dolor
902 2100 1048 2133 omnibus
1063 2112 1165 2139 unus;

283 2157 402 2200 Qualis,
411 2156 579 2189 inaccessis
594 2167 651 2200 per
665 2160 793 2188 noctem
808 2161 925 2189 ventus
940 2156 974 2188 in
989 2156 1052 2189 oris

284 2214 418 2253 Stridet,
434 2213 490 2246 ubi
505 2213 676 2246 immanem
692 2224 857 2255 nunquam
872 2225 930 2256 per
945 2213 1059 2246 saeeula
1074 2214 1185 2246 mundi

284 2270 356 2303 Aut
370 2280 525 2313 premere,
542 2274 598 2302 aut
613 2268 762 2312 pressisse
779 2274 873 2312 putes
890 2269 1023 2312 vestigia
1038 2275 1165 2302 terram.

801 2335 820 2356 c
