1742 2626
739 755 929 790 ARTURI
952 756 1094 792 MORS.

862 885 964 892 —

620 938 637 950 “
647 936 684 962 At
695 937 780 964 Trivia
792 938 962 972 Hippolytum
973 941 1076 966 secretis
1085 941 1152 968 alm·
1162 943 1277 968 recondit

587 977 702 1009 Sedibus,
714 980 740 1004 et
750 980 872 1012 nymphas
884 981 992 1013 Egeria
1003 983 1151 1015 nemorique
1161 984 1257 1016 relegat
1268 993 1275 1014 ;

587 1018 661 1044 Solus
671 1019 714 1044 ubi
725 1019 754 1044 in
765 1020 843 1053 sylvis
854 1021 927 1047 Iulis
938 1022 1060 1055 ignobilis
1070 1031 1153 1049 aevum

587 1058 762 1091 Quen—’¹
1122 1064 1192 1097 γίνῃ.
1203 1065 1265 1091 AEn.
1277 1066 1337 1092 vu.
1350 1067 1405 1094 774.

446 1216 544 1256 IBA'r,
559 1222 595 1251 at
608 1218 736 1252 incessu
750 1220 876 1264 gemuit
890 1221 966 1255 Rex
979 1228 1110 1266 pectore
1125 1229 1205 1264 toto,

446 1273 499 1307 Ac
513 1273 605 1307 velut
619 1274 653 1307 in
668 1274 753 1309 lecto
768 1276 930 1320 trepidum
945 1289 1044 1321 quem
1058 1279 1129 1312 dira
1143 1279 1292 1315 volutant

448 1329 537 1369 Visa,
553 1335 682 1365 tacente
697 1331 802 1372 domo,
816 1333 958 1377 gemitus
972 1334 1018 1368 sic
1033 1335 1134 1369 edidit
1148 1347 1214 1376 ore,

445 1385 575 1420 Lentus
589 1387 807 1422 adhaerescens
821 1388 963 1423 humeris
971 1402 981 1429 3
1005 1390 1100 1424 simul
1117 1395 1138 1411 “
1149 1390 1261 1436 Ocyus
1275 1393 1369 1433 insta,

445 1442 531 1476 Fata
544 1448 672 1483 vocant,
688 1455 759 1478 sero
773 1450 980 1489 properatum
995 1451 1055 1486 est,
1068 1447 1208 1491 Ocyus‚”
1222 1448 1339 1493 inquit.

447 1498 609 1532 Saxorum
623 1499 718 1533 dorso
731 1500 872 1545 insurgit
885 1507 966 1535 tunc
979 1502 1096 1536 fortius
1110 1503 1202 1543 alter,

446 1554 578 1588 Nubem
591 1555 726 1589 humero
741 1556 820 1590 flatu
835 1557 1013 1597 involvens,
1025 1559 1190 1602 majorque
1206 1560 1308 1595 videri

444 1610 610 1650 Humano,
625 1611 792 1655 glacieque
807 1611 958 1657 inspersis
972 1614 1136 1648 montibus
1151 1615 1259 1650 instat.

444 1666 623 1701 Infremere
637 1679 658 1700 e.
671 1672 764 1712 tergo
779 1674 908 1712 pontus,
923 1669 1076 1713 visusque
1091 1682 1204 1705 sonare

444 1723 538 1756 Ante
552 1723 650 1767 pedes
664 1723 818 1764 ululatus,
834 1730 870 1758 at
883 1725 989 1769 ipsum
1003 1725 1148 1760 fervidus
1162 1739 1264 1772 angor

445 1779 546 1813 Intus
556 1791 655 1824 agens
669 1786 788 1820 versat,
803 1781 1007 1825 stimulisque
1022 1782 1164 1817 incendit
1175 1785 1299 1818 amaris.

444 1835 557 1869 Aurea
570 1847 629 1880 per
642 1836 765 1880 gelidas
779 1843 975 1882 crepuerunt
989 1850 1077 1872 arma
1091 1850 1253 1880 cavernas,

442 1892 574 1936 Perque
588 1893 675 1927 locos
689 1893 825 1934 steriles,
841 1894 1045 1938 praecisisque
1060 1896 1205 1939 undique
1220 1897 1305 1930 saxis

444 1949 525 1988 Icta,
541 1949 623 1983 silex
637 1950 728 1984 dedit
742 1956 813 1984 atra
827 1962 962 1990 sonum3
986 1952 1082 1985 simul
1096 1952 1151 1985 ille
1166 1954 1271 1987 tenaci

442 2005 575 2048 Tesqua
584 2006 702 2049 premit
716 2006 838 2050 plante,
854 2007 1050 2051 scopuloque
1066 2008 1185 2042 insistit
1199 2015 1314 2048 acuto3

442 2061 643 2105 Ferratoque
657 2062 777 2106 pedum
791 2064 965 2097 rebossmnt
980 2064 1121 2098 culmina
1134 2065 1239 2109 pulsu.

442 2117 528 2151 Eece
543 2123 652 2155 autem
667 2119 708 2152 ad
723 2125 838 2163 stagna
852 2119 1039 2159 adveniunt,
1055 2121 1221 2165 undasque
1232 2122 1386 2165 jacentes,

440 2173 538 2206 Luna
552 2174 608 2207 ubi
622 2174 760 2208 brumali
776 2176 881 2220 fulget
895 2176 1110 2220 pulcherrima
1123 2177 1213 2211 ooelo.
1361 2192 1363 2194 ·

485 2229 579 2263 Tunc
593 2231 627 2263 in
642 2237 849 2276 conspectum
865 2244 882 2266 e
898 2232 1040 2267 tenebris
1055 2245 1218 2278 emergere
1232 2234 1363 2269 lintrem

440 2285 471 2318 N
474 2285 633 2330 igi-antem
649 2287 755 2321 videre
772 2289 893 2332 procul,
908 2289 961 2323 cui
975 2301 1069 2333 prom
1083 2290 1205 2324 latebat
