1742 2626
546 661 551 664 '
587 651 730 686 AETAS
753 644 1043 683 INVENTRIX.

429 842 444 853 “
456 839 550 865 Omnia
556 838 612 869 jam
623 837 692 866 fient,
704 835 759 863 fieti
771 841 825 865 quae
836 828 1050 864 possenegabam,

494 881 528 905 Et
539 879 606 904 nihil
618 880 663 908 est,
676 876 708 902 de
719 883 769 907 quo
780 881 832 899 non
843 874 877 898 sit
887 870 1004 896 habenda
1014 868 1098 893 fides.”

819 915 894 940 Ovn).
920 911 1053 941 Tristiwm,
1065 909 1121 934 Lib.
1134 908 1150 933 i.
1163 906 1203 932 El.
1212 905 1266 930 viii.

360 1112 530 1144 ΤΑΝΤΑΝΕ
547 1112 581 1139 te
597 1103 725 1149 generis
741 1101 828 1144 cepit
842 1098 959 1132 fiducia
973 1095 1084 1133 nostri,

404 1166 435 1199 O
450 1166 532 1198 bene
547 1167 702 1196 venturos
716 1157 890 1192 vaticinate
905 1154 973 1186 dies
983 1154 998 1185 ἰ’

361 1221 519 1255 Exoriare
532 1218 639 1255 velim,
659 1214 848 1258 Stygiisque
859 1216 1026 1251 utcunque
1040 1205 1183 1240 tenebris
1230 1220 1233 1225 ›

406 1277 541 1312 Erutus,
556 1273 713 1305 humanos
728 1267 893 1311 experiare
908 1264 1005 1297 dolon.

364 1331 550 1376 Ingenium,
567 1333 601 1361 et
615 1327 717 1364 dotes,
734 1329 767 1357 et
782 1322 897 1355 inutile
912 1328 996 1364 pone
1010 1317 1187 1353 cerebrum,

409 1388 488 1421 Non
502 1396 582 1429 opus
596 1381 736 1426 ingenio,
752 1380 779 1412 si
792 1378 872 1411 mihi
886 1375 998 1413 credis,
1014 1373 1084 1407 erit.

364 1443 462 1486 Quod
477 1441 568 1484 cupis
583 1439 649 1471 Ars
663 1440 815 1480 praestat3
839 1432 926 1466 facili
939 1434 1088 1464 versante
1103 1425 1258 1470 cylindro,

412 1497 560 1531 Profluet
576 1493 692 1527 Aoniis
707 1491 806 1524 Musa
819 1493 925 1522 rotata
940 1485 1050 1519 modis.

371 1556 438 1588 Ars
452 1553 529 1586 facit
543 1549 671 1583 intortis
685 1550 876 1580 moveantur
889 1547 1022 1587 pectora
1034 1539 1158 1583 palmis,

405 1611 452 1643 Et
465 1609 575 1651 vigeat
589 1604 727 1648 digitum
739 1601 918 1634 mobilitate
933 1598 1042 1641 quiem

375 1667 495 1701 Clausa
508 1669 619 1696 tamen
633 1660 706 1694 visu
721 1656 934 1702 perrumpunt
948 1653 1071 1686 lumina
1085 1654 1193 1694 portas
1205 1660 1213 1686 ;

419 1718 581 1762 Perspioit
597 1721 710 1749 aeratas
724 1725 815 1747 mene
829 1711 973 1745 resoluta
987 1709 1106 1741 domos.

379 1777 541 1820 Quodque
555 1772 658 1816 magis
673 1776 813 1813 stupeas,
828 1779 895 1801 non
909 1766 969 1799 soli
982 1764 1062 1797 talia
1074 1765 1210 1806 possunt

395 1869 398 1872 ,
421 1834 520 1866 Nune
535 1829 629 1869 oculi,
645 1833 679 1861 at
694 1826 794 1860 currit
809 1836 874 1858 vox
888 1823 1074 1863 ubieunque
1088 1818 1177 1852 velit.

380 1889 493 1923 Verba
507 1886 618 1920 volant
632 1882 725 1916 taciti
738 1893 796 1924 per
810 1881 908 1923 longa
921 1876 1086 1911 volumina
1099 1874 1188 1912 ferri,

426 1943 619 1985 Chordaque
633 1938 795 1972 inauditos
809 1936 949 1978 fertque,
965 1933 1129 1974 refertque
1144 1939 1254 1968 50n053

382 2000 509 2034 Blanda
522 1997 616 2030 modo
632 1993 774 2028 ardentis
789 1995 942 2025 resonant
956 1987 1092 2032 suspiria
1105 1984 1265 2029 nymphae,

425 2057 540 2088 Rauca
553 2053 617 2085 ciet
631 2050 745 2084 mediis
756 2049 847 2092 jussa
861 2046 993 2080 colonus
1007 2043 1102 2087 agris.

385 2111 544 2146 Disclusae
558 2111 676 2141 coeunt
690 2110 813 2149 gentes,
829 2102 1023 2147 penitusque
1037 2110 1096 2142 per
1111 2098 1221 2131 orbem

393 2177 395 2180 ’
431 2167 520 2199 Zona
529 2165 632 2208 jacet,
642 2161 783 2205 duplices
798 2158 972 2192 circuitum
984 2154 1083 2198 polos.

821 2224 840 2245 ι·
