1742 2626
781 315 828 350 23

335 418 484 452 Funere&
498 417 631 461 insignis
646 416 750 460 pallfu
775 415 923 459 saxisque
938 415 1068 455 relictis,

334 474 473 509 Procera
487 472 646 516 aspiciunt
661 471 825 505 considere
840 482 973 514 corpora
987 471 1145 510 transtris,

334 529 438 562 Veste
453 528 645 572 sepulchrali
660 528 770 561 vultus
785 529 914 561 obtecta
927 527 1108 571 pedesque3

335 585 414 618 Tres
429 596 527 628 prope
542 584 677 628 Reginae
691 583 801 616 nitidis
816 583 934 617 fulsere
949 583 1085 622 coronis,

334 641 416 682 Quae
431 640 551 673 tollunt
566 639 716 683 querulas
731 639 879 672 certatim
893 639 934 671 ad
948 638 1053 672 sidera
1067 650 1171 678 voces,

334 696 598 739 Commixtosque
613 696 708 729 simul
722 695 872 739 gemitus,
889 700 1043 738 tanquam
1057 706 1124 728 una
1137 695 1269 738 querela

331 752 420 785 Fusa
434 752 495 791 sit3
519 757 556 786 ut
572 753 732 795 quondam
747 751 852 785 tacitae
866 762 924 794 per
937 756 1082 794 tempora
1095 751 1198 785 noctis

331 808 480 841 Insonuit
495 819 606 851 campo
624 812 748 846 ventus,
765 818 862 850 quem
877 807 998 843 nullius
1013 811 1089 840 ante

332 864 504 898 Obtrivere
519 864 625 907 pedes,
642 875 683 897 ex
698 875 763 907 quo
778 863 869 896 Deus
885 863 991 897 onmia
1005 863 1092 897 fecit.

372 919 458 952 Tum
468 919 542 952 Rex
557 919 780 963 ingemuit—“
791 918 924 962 Cymbae
938 930 990 952 me
1004 918 1168 962 imponere
1181 922 1308 962 tempus
1319 919 1352 956 ;''

331 975 387 1008 Ad
401 977 549 1019 cymbam
563 980 745 1018 properant,
761 975 887 1008 madido
903 974 999 1007 simul
1014 986 1069 1007 ore
1084 974 1200 1017 puellae

331 1031 510 1065 Porrexere
525 1043 668 1071 manum,
684 1036 783 1074 atque
799 1031 894 1064 arctis
909 1030 1131 1074 complexibus
1145 1029 1275 1063 haerent.

331 1087 395 1119 llla
409 1092 518 1120 autem
533 1093 607 1125 ante
622 1087 700 1120 allas
714 1087 809 1131 longe
824 1087 1039 1130 pulcherrima
1054 1086 1222 1130 nymphas,

331 1143 378 1176 Et
392 1143 494 1176 forma
508 1143 651 1187 insignis,
663 1143 785 1187 gremio
801 1148 898 1186 caput
912 1142 1036 1176 abdidit
1051 1142 1146 1181 almo,

331 1199 377 1232 Et
391 1199 514 1242 galeam
530 1199 699 1232 infractam
713 1199 810 1238 laxat,
825 1199 1010 1241 mulcetque
1025 1198 1171 1237 lacertos,

331 1255 455 1289 Crebra
468 1267 610 1299 gemens,
625 1255 779 1298 largoque
794 1255 982 1288 humectans
996 1254 1128 1287 flumine
1143 1253 1279 1287 vultum.

332 1312 416 1344 Tum
431 1311 569 1344 frontem
585 1311 761 1354 appositam
775 1310 925 1354 lacrymis
940 1300 1055 1343 irrorat
1069 1310 1200 1348 obortis,

332 1367 428 1401 Caede
443 1371 643 1400 cruentatam
657 1366 759 1409 nigra,
775 1377 914 1408 namque
928 1377 984 1399 ora
998 1365 1122 1398 ferebat

332 1423 467 1461 Pallida,
484 1434 543 1456 ceu
559 1422 720 1465 quondam
734 1422 830 1455 radiis
846 1421 994 1455 confecta
1008 1421 1130 1464 refugit

331 1479 436 1517 Luna,
453 1478 632 1511 renascenti
646 1489 818 1521 properans
833 1477 986 1510 decedere
1001 1477 1133 1510 Phoebo.

331 1534 380 1567 At
395 1535 482 1568 leves
497 1545 606 1572 ocreae,
622 1534 774 1576 sanieque
789 1533 939 1576 adspersa
953 1533 1113 1566 rubebant

331 1591 434 1623 Arma
447 1590 518 1628 viri,
534 1590 704 1632 fusamque
719 1601 851 1628 comam,
867 1588 1020 1632 insignire
1036 1588 1159 1621 solebat

333 1646 415 1688 Quae
429 1651 536 1689 caput,
551 1651 590 1681 ut
604 1646 740 1684 flamma,
757 1650 904 1678 evectum
919 1645 1066 1679 convivia
1080 1656 1184 1688 supra,

332 1702 470 1735 Pulvere
484 1702 608 1742 misceri
622 1702 726 1745 nigro,
742 1707 775 1734 et
791 1701 902 1734 coiisse
917 1701 1076 1734 nitentem

333 1757 503 1791 Caesariem
518 1757 665 1801 squalore
680 1758 757 1797 fero,
774 1757 920 1800 colloque
936 1757 1074 1791 solutam

333 1813 473 1847 Cernere
490 1818 568 1853 erat,
584 1813 784 1856 mixtamque
798 1824 889 1856 genae
903 1812 1054 1857 lanugine
1069 1813 1181 1847 mollis.

333 1869 384 1902 Ac
400 1870 489 1904 velut
502 1869 536 1902 in
551 1881 674 1912 campo,
689 1869 820 1903 immani
835 1869 959 1903 divolsa
973 1869 1075 1907 ruina,

335 1926 444 1958 Strata
453 1925 541 1967 jacet
555 1925 664 1963 moles,
680 1930 839 1967 quantum
853 1929 997 1957 mutatus
1012 1924 1052 1958 ab
1066 1925 1122 1959 illo

333 1980 456 2013 Arturo
471 1980 627 2019 incubuit,
644 1981 700 2023 qui
715 1980 807 2014 stella
820 1980 975 2024 insignior
989 1980 1067 2019 ibat,

334 2037 468 2070 Carcere
479 2037 547 2079 jam
562 2042 667 2080 rupto,
684 2042 718 2071 et
732 2042 871 2071 matrum
886 2042 1051 2080 spectante
1066 2039 1204 2074 catervii.

331 2091 416 2124 AEre
431 2091 590 2124 renidenti
604 2091 743 2124 nitidum
759 2103 827 2125 sese
841 2092 953 2126 intulit
967 2105 1053 2126 arvo,

375 2147 460 2183 Tum
475 2147 567 2180 fortis
581 2147 760 2182 Bediverus
774 2148 951 2191 Eques—“
961 2149 1128 2183 Absistere
1142 2161 1286 2193 gressum

332 2204 431 2237 Mene
441 2204 546 2246 jubes,
564 2204 700 2243 Arture,
715 2216 794 2237 meae
809 2216 881 2248 spes
895 2205 1016 2248 optima
1030 2205 1128 2239 vitae?

333 2259 408 2300 Quo
423 2259 542 2303 fugisse
557 2259 643 2299 licet,
660 2272 731 2303 quae
745 2272 832 2295 nunc
846 2261 942 2295 datur
957 2273 1012 2295 ora
1026 2262 1133 2296 tueri?

335 2315 474 2358 Antiqui
489 2315 612 2359 periere
628 2316 704 2355 dies,
721 2316 843 2359 periere
858 2317 1001 2360 priorum
