1742 2626
775 297 819 333 21

290 399 364 431 Rex
379 402 487 431 autem
503 409 522 429 a
535 397 637 441 puppi
652 397 707 430 vix
722 396 853 429 tandem
869 396 986 429 affatur
1001 395 1157 433 amicum3

246 459 267 474 “
285 455 414 488 Scilicet
429 454 583 497 antiquus
598 453 762 486 saeclorum
777 452 951 486 invertitur
966 453 1061 490 ordo;

245 510 320 554 Ipse
335 510 427 543 Deus
442 510 523 542 miro
538 514 645 542 versat
660 509 842 541 discrimine
857 511 968 547 sortes,

246 565 442 609 Auspicium
455 565 632 598 infaustum
647 569 794 597 metuens
805 575 973 606 moresque
989 563 1143 595 sinistros.

247 622 332 654 Tute
347 621 453 664 ipsum
468 621 580 659 solare,
596 620 675 652 mihi
690 620 803 652 solatia
818 619 926 657 nulla3

246 677 326 710 Vixi
342 676 512 719 equidem3
537 680 571 708 at
585 675 690 708 labem
705 675 732 707 si
747 675 815 708 vita
829 674 1002 712 admiserit,
1019 673 1093 717 Ipse

246 733 357 771 Eluat,
373 732 462 765 intus
477 743 584 775 agens,
601 742 778 774 puramque
793 730 961 773 reliquerit
976 730 1061 763 olim.

246 788 299 820 Tu
314 793 423 820 tamen
438 789 571 826 interea,
588 787 615 826 si
629 798 694 819 non
710 787 806 820 datur
821 798 877 819 ora
891 786 987 824 tueri,

244 844 364 876 Pacem
379 843 485 876 animo
500 854 614 881 exora3
638 842 711 885 plus
727 842 868 875 effecisse
883 834 1042 885 precando

247 900 354 941 Quam
369 899 488 937 credat,
504 910 583 942 gens
598 910 681 931 caeca
695 898 790 931 valet.
837 898 979 931 Proinde
994 897 1069 936 alta,
1085 901 1246 930 memento

245 956 324 988 Vox
338 961 396 988 tua
410 959 532 998 surgat,
548 966 640 997 aquae
655 954 689 986 in
704 965 836 993 morem,
853 958 1028 996 noctesque
1041 953 1183 995 diesque.

248 1012 334 1044 Nam
349 1011 428 1054 quid
442 1011 563 1043 habent
577 1010 731 1049 homines,
747 1021 844 1053 quem
860 1010 989 1042 tandem
1005 1009 1038 1041 in
1053 1010 1148 1042 corde
1163 1008 1322 1046 volutant,

249 1067 352 1110 Cujus
368 1071 465 1110 egent
479 1078 589 1110 prona,
606 1070 640 1099 et
654 1070 776 1099 terram
791 1065 978 1109 spectantia,
995 1076 1135 1103 sensum,

248 1122 294 1161 Si,
310 1126 468 1165 praesente
482 1121 566 1161 Deo,
582 1121 725 1164 duplices
740 1121 781 1153 ad
796 1121 900 1154 sidera
914 1121 1035 1163 palmas

249 1178 325 1211 Non
339 1189 397 1221 pro
413 1189 446 1211 se
461 1177 652 1216 extendunt,
668 1177 813 1220 carisque
829 1176 989 1210 sodalibus
1004 1176 1170 1219 unquam?

248 1234 325 1267 Non
340 1234 403 1267 alio
418 1233 559 1277 auspicio
577 1233 660 1266 celso
675 1233 795 1266 circum
811 1244 907 1266 aurea
921 1233 1000 1265 coelo

249 1290 362 1323 Nectit
376 1300 467 1322 amor
482 1289 596 1327 vincla,
614 1294 647 1321 et
662 1293 768 1321 totum
783 1288 1008 1331 complectitur
1022 1288 1141 1320 orbem.

247 1345 392 1387 Jamque
409 1345 489 1383 vale,
506 1345 646 1388 longam,
662 1344 781 1387 insigni
796 1343 969 1376 comitante
984 1343 1123 1381 caterva,

246 1401 331 1433 Fata
345 1401 430 1434 viam
445 1401 640 1438 ostendunt3
663 1399 697 1432 ni
712 1411 796 1432 vana
810 1399 926 1431 illudat
940 1399 1056 1442 imago,

249 1457 329 1501 Spes
344 1457 464 1490 etenim
479 1456 609 1489 dubiam
624 1456 709 1499 rapit
723 1455 757 1487 in
770 1455 930 1488 contraria
944 1459 1094 1493 mentem,

248 1513 325 1554 Qua
338 1517 481 1546 nostram
496 1512 631 1555 accipiat
646 1511 725 1554 ripis
741 1510 905 1543 Avalonia
919 1511 1084 1553 cymbam3

248 1568 323 1610 Qua¹
337 1580 443 1611 neque
459 1568 516 1600 nix
531 1568 596 1601 acri
611 1567 726 1601 cecidit
741 1571 893 1600 concreta
907 1566 1032 1610 pruina,

247 1625 323 1657 Non
338 1624 427 1658 venti
442 1624 608 1657 infremuit
622 1623 744 1662 rabies3
768 1623 802 1655 in
817 1623 899 1656 valle
914 1623 1049 1656 reducta

246 1680 365 1713 Dulcia
377 1679 550 1713 mobilibus
564 1679 724 1722 crepitant
738 1679 880 1722 pomaria
895 1678 983 1716 rivis,

247 1736 376 1769 Fronde
392 1740 552 1775 coronata,
569 1740 668 1778 atque
684 1735 789 1768 aestivi
804 1734 971 1767 marmoris
986 1734 1082 1772 unda,

249 1791 334 1833 Quae
349 1796 495 1825 recreent
510 1791 640 1830 fessum,
657 1796 691 1824 et
705 1791 827 1834 spirent
843 1790 1053 1823 medicamina
1066 1789 1189 1822 ramis.”

290 1847 441 1886 Dixerat,
456 1848 582 1880 interea
597 1852 711 1891 stagno
726 1858 760 1880 se
775 1848 945 1880 obvertere
958 1846 1057 1879 linter

247 1904 424 1936 Remorum
437 1903 588 1946 impulsu,
603 1903 690 1936 leves
705 1908 744 1935 ut
758 1902 918 1935 inhorruit
934 1902 999 1934 alas

249 1959 356 1992 Albus
371 1959 449 1998 olor,
465 1958 564 1992 ferale
580 1970 707 1997 canens,
724 1962 924 2000 mortemque
940 1958 999 1990 sub
1014 1957 1116 2000 ipsam

250 2015 292 2048 Se
307 2014 428 2058 subigit
442 2014 555 2053 fluctu,
572 2019 606 2047 et
620 2014 710 2047 fusco
725 2014 807 2057 pede
821 2013 964 2056 reppulit
979 2024 1114 2046 amnem.

249 2071 359 2103 Multa
372 2082 504 2103 movens
519 2070 636 2109 animo,
652 2075 686 2103 et
701 2075 819 2103 sortem
834 2069 1002 2102 miseratus
1017 2068 1120 2107 amici,

251 2126 366 2160 Stabat
380 2126 504 2170 Eques,
520 2126 598 2158 dum
613 2127 730 2169 cymba
744 2125 828 2158 diem
843 2129 990 2168 porrecta
1005 2125 1064 2157 sub
1079 2124 1191 2167 ipsam,

248 2182 331 2214 Visa
344 2181 503 2214 relucenti
517 2181 669 2214 nebulam
683 2181 866 2224 dispergere
882 2181 975 2218 coelo,

250 2237 435 2280 Maestaque
450 2249 514 2271 vox
528 2237 602 2270 latis
617 2237 773 2281 paulatim
788 2236 951 2269 obmutuit
965 2235 1068 2268 undis.

820 2292 946 2324 HENRY
969 2292 1118 2325 FnAncls
1135 2291 1348 2325 SnmnmAnu.
