1742 2626
926 318 974 355 24

485 420 654 464 Tempora,
671 431 774 464 quum
790 432 882 454 casus
897 431 1005 454 secum
1020 421 1079 454 lux
1095 432 1232 464 quoeque
1247 421 1433 464 frequentes

484 477 621 515 Attulit,
638 476 774 510 insuetis
790 476 951 520 Equitum
965 476 1156 510 illustranda
1171 477 1351 520 triumphis.

485 533 578 566 Talia
591 544 657 566 non
671 533 795 572 luxere,
811 538 869 566 aut
885 532 983 566 talem
997 532 1138 566 habuere
1153 539 1299 566 tenorem

487 589 601 629 saecla,
620 589 720 623 Senes
735 601 776 622 ex
791 600 858 632 quo
872 589 1009 622 deduxit
1023 589 1118 622 stella
1133 588 1269 623 Sabaeos.

482 646 532 679 At
546 657 634 679 nunc
650 645 767 679 Mensa
777 645 864 679 orbis
878 645 1018 688 speciem
1033 645 1170 678 mentita
1184 645 1328 684 rotundi,

481 701 625 735 Lumina
639 707 690 735 tot
705 702 848 735 cecidere
863 701 994 741 ducum,
1010 701 1218 735 incomitatus
1233 701 1328 735 obibo

484 758 560 801 Ipse
575 769 646 802 ego,
657 758 790 801 jamque
805 757 873 791 dies
888 757 1015 802 fugiens
1030 768 1064 790 se
1078 756 1222 790 condidit
1236 756 1368 796 umbris,

483 814 530 846 Et
545 826 629 847 nova
642 825 677 847 se
691 825 798 847 rerum
813 813 921 852 facies,
937 824 1041 846 novus
1055 812 1176 846 obtulit
1190 812 1335 856 hospes.”

525 871 614 903 Tum
629 870 684 904 vix
701 870 846 903 Arturus
860 870 977 914 cymbd
991 869 1036 903 sic
1050 869 1125 902 infit
1139 869 1182 902 ab
1196 869 1282 907 alt&

482 931 502 946 ‘⁶
515 926 613 960 Alter
628 926 669 959 ab
684 926 813 970 integro
828 925 995 959 saeclorum
1010 925 1154 958 nascitur
1168 924 1258 964 ordo,

484 981 532 1015 Et
547 981 643 1015 variis
658 993 716 1015 sua
725 982 816 1024 jussa
830 981 932 1014 modis
946 980 1039 1014 Deus
1053 980 1122 1024 ipse
1137 980 1275 1019 facessit,

484 1037 582 1071 Unus
595 1037 801 1071 inadsuetum
815 1048 857 1070 ne
872 1037 937 1070 fors
953 1047 1022 1070 mos
1036 1036 1187 1080 inquinet
1201 1037 1320 1069 orbem.

485 1094 539 1127 Tu
553 1094 694 1138 teipsum
709 1094 821 1133 solare,
837 1093 917 1126 mihi
931 1093 1046 1126 solatii»
1059 1093 1167 1131 nulla3

485 1150 566 1183 Vixi
582 1149 714 1189 etenim,
729 1155 764 1183 at
778 1149 871 1193 pravi
885 1149 912 1182 si
927 1149 1007 1192 quid
1021 1156 1113 1182 mens
1127 1148 1243 1182 fecerit
1257 1159 1412 1192 unquam,

485 1206 576 1240 Huic
591 1206 684 1239 Deus
698 1206 877 1250 ignoscens,
892 1205 976 1239 faxit
987 1205 1047 1238 sim
1062 1210 1192 1249 pectore
1206 1216 1297 1249 puro.

485 1262 539 1295 Tu
552 1262 659 1301 modo,
675 1263 702 1295 si
717 1266 843 1296 nostros
858 1261 1007 1306 prohibet
1022 1262 1071 1294 fas
1085 1273 1216 1295 cernere
1233 1262 1352 1301 vultus,

484 1319 536 1352 Ne
551 1330 654 1352 cesses
669 1319 745 1352 dare
760 1324 837 1352 vota
851 1318 950 1351 animi
965 1329 1024 1362 pro
1038 1329 1134 1362 pace3
1158 1317 1314 1351 valebunt

481 1374 574 1408 Vota
588 1374 704 1414 virum,
720 1380 754 1408 et
769 1386 879 1408 seeum
893 1374 998 1407 multa
1011 1373 1185 1417 improvisa
1198 1379 1374 1417 reportant.

483 1430 592 1463 Instar
606 1442 699 1474 aquae
713 1435 772 1464 tua
786 1441 850 1463 vox
866 1441 943 1474 ergo
958 1435 1135 1472 noctesque
1149 1429 1284 1472 diesque

483 1487 551 1520 Pro
565 1498 617 1520 me
632 1486 730 1519 missa
745 1486 851 1525 volet3
874 1486 997 1529 capreis
1012 1486 1193 1529 ovibusque
1207 1491 1372 1530 negatum,

484 1542 567 1584 Quae
578 1542 676 1586 capiti
692 1542 849 1575 inclusam
863 1541 1006 1575 retinent
1020 1542 1089 1575 sine
1104 1542 1225 1575 lumine
1241 1542 1352 1581 vitam,

482 1597 611 1641 Ecquid
625 1597 746 1631 habent
760 1597 914 1636 homines,
930 1597 957 1630 si
972 1609 1046 1630 cum
1060 1597 1103 1630 sit
1117 1603 1222 1637 notus,
1238 1603 1273 1631 at
1287 1598 1353 1631 alta

483 1654 574 1687 Voce
589 1653 699 1687 Deum
714 1664 881 1696 nunquam
895 1653 1044 1697 precibus
1059 1653 1209 1696 votisque
1223 1653 1394 1693 lacessunt,

484 1709 594 1743 Multa
608 1709 670 1742 sibi
685 1714 719 1743 et
733 1709 827 1742 sociis
842 1708 999 1742 submissa
1014 1720 1091 1742 voce
1106 1710 1282 1752 petentes?

481 1766 626 1809 Auspice
641 1777 786 1799 convexo
800 1770 972 1799 nutantem
986 1765 1127 1808 pondere
1142 1765 1201 1798 tali

482 1822 598 1855 Aurea
612 1821 719 1855 vincla
732 1821 843 1865 polum
858 1821 937 1854 solio
951 1821 1152 1854 obstrinxere
1167 1821 1193 1855 J
1194 1821 1312 1854 ehovae.

479 1879 623 1921 Jamque
637 1878 720 1917 vale,
736 1878 821 1911 feror
835 1877 1017 1921 agminibus
1032 1877 1249 1911 circumdatus
1263 1877 1337 1917 illis,

477 1935 523 1968 Et
537 1935 671 1979 longum
686 1935 888 1978 ingressurus
903 1933 976 1973 iter,
991 1934 1026 1966 ni
1041 1933 1109 1967 fata
1123 1934 1286 1973 resistant,

480 1991 513 2024 N
514 2003 632 2034 amque
647 1991 790 2024 animum
804 1995 935 2024 versant
949 1990 1054 2024 multa
1068 1990 1102 2023 in
1117 1990 1277 2024 contraria
1291 2001 1385 2030 curm,

478 2047 554 2088 Qua
568 2046 680 2090 procul
694 2046 831 2079 intextis
846 2046 938 2080 vallis
952 2046 1033 2080 latet
1047 2047 1158 2080 abdita
1172 2047 1278 2086 ramis,

479 2103 588 2144 Quam
602 2114 709 2145 neque
724 2102 915 2136 concutiunt
928 2102 1028 2142 venti,
1044 2114 1105 2136 nec
1118 2102 1274 2147 grandine
1288 2102 1419 2146 pulsant

478 2158 601 2191 Nubila
616 2158 776 2198 concreta,
792 2163 826 2191 at
841 2158 974 2192 recubat
989 2163 1153 2202 composta
1166 2158 1285 2191 virenti

488 2214 670 2258 Complexu
685 2225 863 2253 nemorum,
880 2214 1062 2257 aestivaeque
1076 2214 1266 2251 amfratibus
1281 2213 1396 2252 undae3

487 2271 559 2304 Illic
575 2271 677 2305 omnis
694 2270 757 2305 erit
772 2282 855 2303 curae
871 2281 1027 2313 casusque
1041 2269 1216 2304 levamen-'⁹
