1742 2626
781 315 826 351 19

300 414 387 447 Tum
403 414 478 447 Rex
495 413 718 446 exanimis—“
729 413 867 446 Fessum
883 414 968 446 latus
983 413 1104 447 advehe
1121 415 1271 457 cymbae,”

253 469 357 509 Ilicet,
373 470 407 502 in
423 471 571 513 cymbam
586 469 723 513 Regina,
740 469 803 508 En,
820 481 956 512 quaeque
972 475 1138 513 receptum

254 525 410 559 Sublevat
420 526 580 568 amplexu,
592 530 689 568 atque
699 525 798 558 haeret
807 525 1050 569 lacrymansque
1062 537 1266 569 gemensque.

252 582 316 614 Illa
329 587 438 615 autem
452 587 527 614 ante
542 582 630 620 alias,
647 593 718 624 quae
734 582 858 614 cunctis
873 582 968 614 altior
982 582 1059 621 ibat,

254 637 422 671 Cervicem
436 638 588 680 imposuit
603 637 734 680 gremio,
751 637 912 680 capitique
928 643 1069 671 retusam

255 693 396 726 Laxavit
410 694 546 737 galeam,
563 694 708 736 duroque
722 694 861 737 rigentia
874 694 963 727 letho

256 749 405 782 Membra
420 750 492 782 sinu
507 754 669 788 attrectat,
686 749 875 782 morientem
889 750 1017 782 nomine
1032 762 1141 793 regem

256 805 379 839 Crebra
394 817 520 844 vocam,
536 806 682 848 salsoque
698 805 885 838 humectans
900 805 1030 842 flumine
1045 806 1184 839 frontem

258 861 451 904 Sanguineis
466 873 606 905 sparsam
621 861 763 900 maculis,
780 861 970 904 niveamque
986 862 1086 894 videri

257 917 406 956 Caetera;
429 928 488 950 ceu
504 917 665 960 quondam
682 917 832 960 pallentis
848 929 967 950 cornua
981 918 1065 950 lunae

260 972 334 1006 Sole
349 984 544 1016 repercussa,
558 977 615 1005 aut
630 972 768 1005 radianti
783 973 854 1005 luce
870 979 1058 1011 coruscant3

258 1029 323 1063 Cui
337 1029 424 1062 leves
440 1040 550 1067 ocreae,
567 1029 721 1071 sanieque
736 1041 863 1072 aspersa
877 1030 999 1062 recenti

258 1084 362 1117 Arma
375 1084 503 1123 rubent,
519 1089 590 1116 tum
605 1084 686 1117 fulvi
701 1085 847 1118 immixto
863 1085 994 1127 pulvere
1010 1085 1122 1124 crines,

260 1140 327 1182 Qui
341 1140 482 1174 frontem
497 1140 664 1179 ornabant,
682 1140 815 1173 Phoebei
830 1140 960 1173 luminis
976 1141 1086 1180 instar,

260 1196 397 1230 Sublimi
413 1201 558 1230 evectam
572 1196 661 1235 solio,
678 1207 880 1230 concrescere
896 1197 956 1230 visi

261 1251 356 1294 Caede
372 1253 465 1291 nova,
481 1251 666 1295 impexique
681 1252 746 1290 diu,
762 1257 796 1285 et
810 1252 879 1285 sine
894 1263 981 1285 more
996 1253 1093 1285 soluti

260 1308 417 1346 Pendere,
434 1313 468 1341 et
482 1309 590 1341 barbae
606 1319 674 1340 sese
690 1307 861 1341 admiscere
876 1308 1013 1341 decenti.

264 1363 318 1397 Sic
333 1364 424 1397 velut
438 1364 564 1406 ingenti
578 1364 677 1396 turris
691 1363 825 1406 disjecta
839 1363 944 1402 ruina,

262 1418 444 1452 Procubuit
458 1419 534 1457 late,
550 1418 614 1451 heu
629 1423 787 1461 quantum
801 1423 944 1452 mutatus
959 1418 1000 1451 ab
1015 1419 1070 1451 illo

264 1475 399 1513 Asturo,
415 1475 449 1507 in
464 1474 600 1507 mediam
615 1475 672 1517 qui
687 1486 769 1517 saepe
783 1474 914 1518 illapsus
929 1486 1067 1515 arenam,

264 1531 420 1575 Virgineo
434 1531 607 1574 plaudente
622 1531 728 1569 choro,
745 1542 802 1563 seu
817 1530 911 1564 stella
923 1530 1061 1569 refulsit,

265 1587 448 1620 Pensilibus
462 1586 590 1630 plumis,
605 1586 822 1629 protentaque
836 1586 978 1630 inclytus
994 1587 1095 1619 hasta.

309 1642 393 1675 Tum
408 1642 524 1686 magna
539 1642 690 1674 amissum
705 1642 899 1685 compellans
913 1653 991 1675 voce
1006 1642 1155 1681 sodalem,

266 1701 287 1717 “
298 1697 351 1730 En
366 1698 454 1740 quid,
468 1709 560 1741 agam
569 1698 607 1729 ⁴?'’
621 1698 809 1736 conclamat,
826 1697 947 1740 Eques,
959 1702 1054 1741 “quo
1069 1699 1202 1732 tendere
1217 1700 1345 1742 possim,

268 1748 299 1787 Ο
314 1754 410 1787 decus
427 1754 457 1788 O
473 1759 628 1793 nostrum,
645 1758 837 1796 maestosque
853 1754 1046 1787 abscondere
1061 1755 1197 1788 vultus?

267 1809 325 1842 Me
341 1810 509 1843 miserum!
531 1809 658 1852 antiqui
673 1809 839 1852 perierunt
854 1810 972 1843 saecula
986 1811 1108 1849 mundi,

269 1866 370 1898 Nulla
385 1866 453 1898 dies
467 1876 583 1909 pugnae
598 1877 699 1908 quum
714 1878 779 1898 non
795 1866 976 1899 discrimine
990 1871 1077 1904 nota,

269 1920 370 1952 Nulla
383 1921 501 1953 ducum
516 1921 650 1954 insuetis
665 1932 729 1953 non
744 1921 897 1964 insignita
911 1920 1091 1964 triumphis.

270 1976 345 2009 Non
360 1977 440 2009 tales
454 1976 566 2009 luxere
581 1976 658 2014 dies,
675 1988 715 2009 ex
731 1987 795 2018 quo
811 1988 908 2010 aurea
922 1977 1017 2009 duxit
1054 1976 1056 1978 ’

271 2032 374 2065 Stella
391 2031 491 2065 Senes
506 2037 619 2071 castos,
637 2038 670 2065 et
685 2032 835 2075 myrrhea
849 2033 933 2065 dona
946 2033 1096 2066 ferentes.

270 2087 320 2120 At
334 2099 421 2120 nunc
436 2088 560 2127 Mensa,
577 2088 660 2131 polo,
676 2088 754 2121 heu!
777 2088 896 2120 frustra
911 2088 1059 2121 simulata
1073 2090 1222 2128 rotundo,

272 2142 512 2186 consessusque
527 2144 646 2176 ducum
662 2148 775 2176 tenues
791 2155 824 2176 se
840 2144 936 2176 solvit
950 2144 983 2176 in
999 2155 1112 2182 auras;

271 2197 346 2241 Ipse
361 2210 431 2242 ego,
447 2204 637 2242 postremus,
654 2199 811 2242 sociisque
827 2200 967 2238 orbatus,
984 2200 1078 2232 abibo
1091 2212 1098 2238 3

271 2253 413 2296 Jamque
428 2254 496 2287 dies
511 2255 619 2287 oculos
634 2255 753 2287 circum
769 2255 948 2298 nigrescere
964 2255 1034 2293 visi,

274 2307 319 2341 Et
335 2319 419 2345 nova
434 2310 479 2342 mi
494 2322 603 2343 rerum
619 2310 714 2344 facies
729 2310 924 2353 inopinaque
941 2311 1078 2353 surgit-'³
